@article {Adams,
    AUTHOR = {Adams, J. F.},
     TITLE = {On the non-existence of elements of {H}opf invariant one},
   JOURNAL = {Ann. of Math. (2)},
  FJOURNAL = {Annals of Mathematics. Second Series},
    VOLUME = {72},
      YEAR = {1960},
     PAGES = {20--104},
      ISSN = {0003-486X},
   MRCLASS = {55.40},
  MRNUMBER = {141119},
MRREVIEWER = {M. A. Kervaire},
       DOI = {10.2307/1970147},
       URL = {https://doi.org/10.2307/1970147},
}

@article {AdamsAtiyah,
    AUTHOR = {Adams, J. F. and Atiyah, M. F.},
     TITLE = {{$K$}-theory and the {H}opf invariant},
   JOURNAL = {Quart. J. Math. Oxford Ser. (2)},
  FJOURNAL = {The Quarterly Journal of Mathematics. Oxford. Second Series},
    VOLUME = {17},
      YEAR = {1966},
     PAGES = {31--38},
      ISSN = {0033-5606},
   MRCLASS = {55.40 (57.30)},
  MRNUMBER = {198460},
MRREVIEWER = {E. Dyer},
       DOI = {10.1093/qmath/17.1.31},
       URL = {https://doi.org/10.1093/qmath/17.1.31},
}

@incollection {Boardman,
    AUTHOR = {Boardman, J. Michael},
     TITLE = {Conditionally convergent spectral sequences},
 BOOKTITLE = {Homotopy invariant algebraic structures ({B}altimore, {MD},
              1998)},
    SERIES = {Contemp. Math.},
    VOLUME = {239},
     PAGES = {49--84},
 PUBLISHER = {Amer. Math. Soc., Providence, RI},
      YEAR = {1999},
   MRCLASS = {55T05 (18A30 18G40)},
  MRNUMBER = {1718076},
MRREVIEWER = {John McCleary},
       DOI = {10.1090/conm/239/03597},
       URL = {https://doi.org/10.1090/conm/239/03597},
}

@book {BMMS,
    AUTHOR = {Bruner, R. R. and May, J. P. and McClure, J. E. and
              Steinberger, M.},
     TITLE = {{$H\sb \infty $} ring spectra and their applications},
    SERIES = {Lecture Notes in Mathematics},
    VOLUME = {1176},
 PUBLISHER = {Springer-Verlag, Berlin},
      YEAR = {1986},
     PAGES = {viii+388},
      ISBN = {3-540-16434-0},
   MRCLASS = {55-02 (55P42 55Sxx)},
  MRNUMBER = {836132},
MRREVIEWER = {Haynes R. Miller},
       DOI = {10.1007/BFb0075405},
       URL = {https://doi.org/10.1007/BFb0075405},
}

@book {Hatcher,
    AUTHOR = {Hatcher, Allen},
     TITLE = {Algebraic topology},
 PUBLISHER = {Cambridge University Press, Cambridge},
      YEAR = {2002},
     PAGES = {xii+544},
      ISBN = {0-521-79160-X; 0-521-79540-0},
   MRCLASS = {55-01 (55-00)},
  MRNUMBER = {1867354},
MRREVIEWER = {Donald W. Kahn},
}

@article {May,
    AUTHOR = {May, J. P.},
     TITLE = {The cohomology of restricted {L}ie algebras and of {H}opf
              algebras},
   JOURNAL = {J. Algebra},
  FJOURNAL = {Journal of Algebra},
    VOLUME = {3},
      YEAR = {1966},
     PAGES = {123--146},
      ISSN = {0021-8693},
   MRCLASS = {18.20 (17.30)},
  MRNUMBER = {193126},
MRREVIEWER = {J. F. Adams},
       DOI = {10.1016/0021-8693(66)90009-3},
       URL = {https://doi.org/10.1016/0021-8693(66)90009-3},
}

@book {MosherTangora,
    AUTHOR = {Mosher, Robert E. and Tangora, Martin C.},
     TITLE = {Cohomology operations and applications in homotopy theory},
 PUBLISHER = {Harper \& Row, Publishers, New York-London},
      YEAR = {1968},
     PAGES = {x+214},
   MRCLASS = {55.40},
  MRNUMBER = {0226634},
MRREVIEWER = {Larry Smith},
}

@article {Nakamura,
    AUTHOR = {Nakamura, Osamu},
     TITLE = {On the squaring operations in the {M}ay spectral sequence},
   JOURNAL = {Mem. Fac. Sci. Kyushu Univ. Ser. A},
  FJOURNAL = {Memoirs of the Faculty of Science. Kyushu University. Series
              A. Mathematics},
    VOLUME = {26},
      YEAR = {1972},
    NUMBER = {2},
     PAGES = {293--308},
      ISSN = {0373-6385},
   MRCLASS = {55H15 (57F30)},
  MRNUMBER = {0413103},
MRREVIEWER = {Martin C. Tangora},
       DOI = {10.2206/kyushumfs.26.293},
       URL = {https://doi.org/10.2206/kyushumfs.26.293},
}

@book {Neisendorfer,
    AUTHOR = {Neisendorfer, Joseph},
     TITLE = {Algebraic methods in unstable homotopy theory},
    SERIES = {New Mathematical Monographs},
    VOLUME = {12},
 PUBLISHER = {Cambridge University Press, Cambridge},
      YEAR = {2010},
     PAGES = {xx+554},
      ISBN = {978-0-521-76037-9},
   MRCLASS = {55P99 (55P60 55Q05 55Q40 55T05 57T05)},
  MRNUMBER = {2604913},
MRREVIEWER = {David A. Blanc},
       DOI = {10.1017/CBO9780511691638},
       URL = {https://doi.org/10.1017/CBO9780511691638},
}

@book {Ravenel,
    AUTHOR = {Ravenel, Douglas C.},
     TITLE = {Complex cobordism and stable homotopy groups of spheres},
    SERIES = {Pure and Applied Mathematics},
    VOLUME = {121},
 PUBLISHER = {Academic Press, Inc., Orlando, FL},
      YEAR = {1986},
     PAGES = {xx+413},
      ISBN = {0-12-583430-6; 0-12-583431-4},
   MRCLASS = {55-02 (55Qxx 57-02)},
  MRNUMBER = {860042},
MRREVIEWER = {Joseph Neisendorfer},
}

@book {Sullivan,
    AUTHOR = {Sullivan, Dennis P.},
     TITLE = {Geometric topology: localization, periodicity and {G}alois
              symmetry},
    SERIES = {$K$-Monographs in Mathematics},
    VOLUME = {8},
      NOTE = {The 1970 MIT notes,
              Edited and with a preface by Andrew Ranicki},
 PUBLISHER = {Springer, Dordrecht},
      YEAR = {2005},
     PAGES = {xiv+283},
      ISBN = {978-1-4020-3511-1; 1-4020-3511-X},
   MRCLASS = {55-02 (55P60 55R25 55R40 57N16)},
  MRNUMBER = {2162361},
MRREVIEWER = {John McCleary},
}

@book {Switzer,
    AUTHOR = {Switzer, Robert M.},
     TITLE = {Algebraic topology---homotopy and homology},
    SERIES = {Classics in Mathematics},
      NOTE = {Reprint of the 1975 original [Springer, New York;  MR0385836
              (52 \#6695)]},
 PUBLISHER = {Springer-Verlag, Berlin},
      YEAR = {2002},
     PAGES = {xiv+526},
      ISBN = {3-540-42750-3},
   MRCLASS = {55-02},
  MRNUMBER = {1886843},
}

@book {Wilson,
    AUTHOR = {Wilson, W. Stephen},
     TITLE = {Brown-{P}eterson homology: an introduction and sampler},
    SERIES = {CBMS Regional Conference Series in Mathematics},
    VOLUME = {48},
 PUBLISHER = {Conference Board of the Mathematical Sciences, Washington,
              D.C.},
      YEAR = {1982},
     PAGES = {v+86},
      ISBN = {0-8219-1699-3},
   MRCLASS = {55N22 (55P20 55P42 55Q45 55S25)},
  MRNUMBER = {655040},
MRREVIEWER = {Franklin P. Peterson},
}
